@CONTROL{REVTEX42Control}
@CONTROL{apsrev42Control,author="48",editor="1",pages="0",title="0",year="1"}
