@article{farhi2014quantum,
  title={A quantum approximate optimization algorithm},
  author={Farhi, Edward and Goldstone, Jeffrey and Gutmann, Sam},
  journal={arXiv preprint arXiv:1411.4028},
  year={2014}
}
@article{farhi2000quantum,
  title={Quantum computation by adiabatic evolution},
  author={Farhi, Edward and Goldstone, Jeffrey and Gutmann, Sam and Sipser, Michael},
  journal={arXiv preprint quant-ph/0001106},
  year={2000}
}
@article{akshay2020reachability,
  title={Reachability deficits in quantum approximate optimization},
  author={Akshay, Vishwanathan and Philathong, Hariphan and Morales, Mauro ES and Biamonte, Jacob D},
  journal={Physical review letters},
  volume={124},
  number={9},
  pages={090504},
  year={2020},
  publisher={APS}
}
@InProceedings{basso_et_al:LIPIcs.TQC.2022.7,
  author =	{Basso, Joao and Farhi, Edward and Marwaha, Kunal and Villalonga, Benjamin and Zhou, Leo},
  title =	{{The Quantum Approximate Optimization Algorithm at High Depth for MaxCut on Large-Girth Regular Graphs and the Sherrington-Kirkpatrick Model}},
  booktitle =	{17th Conference on the Theory of Quantum Computation, Communication and Cryptography (TQC 2022)},
  pages =	{7:1--7:21},
  series =	{Leibniz International Proceedings in Informatics (LIPIcs)},
  ISBN =	{978-3-95977-237-2},
  ISSN =	{1868-8969},
  year =	{2022},
  volume =	{232},
  editor =	{Le Gall, Fran\c{c}ois and Morimae, Tomoyuki},
  publisher =	{Schloss Dagstuhl -- Leibniz-Zentrum f{\"u}r Informatik},
  address =	{Dagstuhl, Germany},
  URL =		{https://drops.dagstuhl.de/opus/volltexte/2022/16514},
  URN =		{urn:nbn:de:0030-drops-165144},
  doi =		{10.4230/LIPIcs.TQC.2022.7},
  annote =	{Keywords: Quantum algorithm, Max-Cut, spin glass, approximation algorithm}
}
@article{Zhou_2020,
	doi = {10.1103/physrevx.10.021067},
  
	url = {https://doi.org/10.1103%2Fphysrevx.10.021067},
  
	year = 2020,
	month = {jun},
  
	publisher = {American Physical Society ({APS})},
  
	volume = {10},
  
	number = {2},
  
	author = {Leo Zhou and Sheng-Tao Wang and Soonwon Choi and Hannes Pichler and Mikhail D. Lukin},
  
	title = {Quantum Approximate Optimization Algorithm: Performance, Mechanism, and Implementation on Near-Term Devices},
  
	journal = {Physical Review X}
}
@inproceedings{bergstra2013making,
  title={Making a science of model search: Hyperparameter optimization in hundreds of dimensions for vision architectures},
  author={Bergstra, James and Yamins, Daniel and Cox, David},
  booktitle={International conference on machine learning},
  pages={115--123},
  year={2013},
  organization={PMLR}
}
@misc{Qiskit,
    author = {{Qiskit contributors}},
    title = {Qiskit: An Open-source Framework for Quantum Computing},
    year = {2023},
    doi = {10.5281/zenodo.2573505}
}
